@article{cummins2008fab,
  title={FAB-MAP: Probabilistic localization and mapping in the space of appearance},
  author={Cummins, Mark and Newman, Paul},
  journal={The International Journal of Robotics Research},
  volume={27},
  number={6},
  pages={647--665},
  year={2008},
  publisher={SAGE Publications}
}

@article{cummins2011appearance,
  title={Appearance-only SLAM at large scale with FAB-MAP 2.0},
  author={Cummins, Mark and Newman, Paul},
  journal={The International Journal of Robotics Research},
  volume={30},
  number={9},
  pages={1100--1123},
  year={2011},
  publisher={SAGE Publications}
}

@inproceedings{dayoub2008adaptive,
  title={An adaptive appearance-based map for long-term topological localization of mobile robots},
  author={Dayoub, Feras and Duckett, Tom},
  booktitle={Intelligent Robots and Systems, 2008. IROS 2008. IEEE/RSJ International Conference on},
  pages={3364--3369},
  year={2008},
  organization={IEEE}
}

@article{maddern2013towards,
  title={Towards persistent localization and mapping with a continuous appearance-based topology},
  author={Maddern, Will and Milford, Michael and Wyeth, Gordon},
  journal={Robotics},
  pages={281},
  year={2013},
  publisher={MIT Press}
}

@inproceedings{lowry2012cat,
  title={CAT-GRAPH+: Towards Odometry-driven Place Consolidation in Changing Environments},
  author={Lowry, Stephanie and Wyeth, Gordon and Milford, Michael},
  booktitle={Proceedings of the 2012 Australasian Conference on Robotics \& Automation},
  year={2012},
  organization={Australian Robotics \& Automation Association}
}

@inproceedings{milford2012seqslam,
  title={SeqSLAM: Visual route-based navigation for sunny summer days and stormy winter nights},
  author={Milford, Michael J and Wyeth, Gordon Fraser},
  booktitle={Robotics and Automation (ICRA), 2012 IEEE International Conference on},
  pages={1643--1649},
  year={2012},
  organization={IEEE}
}

@inproceedings{johns2013feature,
  title={Feature co-occurrence maps: Appearance-based localisation throughout the day},
  author={Johns, Edward and Yang, Guang-Zhong},
  booktitle={Robotics and Automation (ICRA), 2013 IEEE International Conference on},
  pages={3212--3218},
  year={2013},
  organization={IEEE}
}

@inproceedings{johns2013dynamic,
  title={Dynamic scene models for incremental, long-term, appearance-based localisation},
  author={Johns, Edward and Yang, Guang-Zhong},
  booktitle={Robotics and Automation (ICRA), 2013 IEEE International Conference on},
  pages={2731--2736},
  year={2013},
  organization={IEEE}
}

@article{johns2014generative,
  title={Generative methods for long-term place recognition in dynamic scenes},
  author={Johns, Edward and Yang, Guang-Zhong},
  journal={International Journal of Computer Vision},
  volume={106},
  number={3},
  pages={297--314},
  year={2014},
  publisher={Springer}
}

@inproceedings{schindler2007city,
  title={City-scale location recognition},
  author={Schindler, Grant and Brown, Matthew and Szeliski, Richard},
  booktitle={Computer Vision and Pattern Recognition, 2007. CVPR'07. IEEE Conference on},
  pages={1--7},
  year={2007},
  organization={IEEE}
}









@inproceedings{naseer2014robust,
  title={Robust visual robot localization across seasons using network flows},
  author={Naseer, Tayyab and Spinello, Luciano and Burgard, Wolfram and Stachniss, Cyrill},
  booktitle={Proc. of the National Conference on Artificial Intelligence (AAAI)},
  year={2014}
}

@inproceedings{churchill2012practice,
  title={Practice makes perfect? managing and leveraging visual experiences for lifelong navigation},
  author={Churchill, Winston and Newman, Paul},
  booktitle={Robotics and Automation (ICRA), 2012 IEEE International Conference on},
  pages={4525--4532},
  year={2012},
  organization={IEEE}
}

@inproceedings{stewart2012laps,
  title={Laps-localisation using appearance of prior structure: 6-dof monocular camera localisation using prior pointclouds},
  author={Stewart, Alexander D and Newman, Paul},
  booktitle={Robotics and Automation (ICRA), 2012 IEEE International Conference on},
  pages={2625--2632},
  year={2012},
  organization={IEEE}
}

@inproceedings{maddern2014laps,
  title={LAPS-II: 6-DoF day and night visual localisation with prior 3D structure for autonomous road vehicles},
  author={Maddern, Will and Stewart, Alexander D and Newman, Paul},
  booktitle={Intelligent Vehicles Symposium Proceedings, 2014 IEEE},
  pages={330--337},
  year={2014},
  organization={IEEE}
}

@article{muhlfellner2015summary,
  title={Summary Maps for Lifelong Visual Localization},
  author={M{\"u}hlfellner, Peter and B{\"u}rki, Mathias and Bosse, Mike and Derendarz, Wojciech and Philippsen, Roland and Furgale, Paul},
  journal={Journal of Field Robotics},
  year={2015},
  publisher={John Wiley \& Sons}
}

@inproceedings{leutenegger2011brisk,
  title={BRISK: Binary robust invariant scalable keypoints},
  author={Leutenegger, Stefan and Chli, Margarita and Siegwart, Roland Yves},
  booktitle={Computer Vision (ICCV), 2011 IEEE International Conference on},
  pages={2548--2555},
  year={2011},
  organization={IEEE}
}

@inproceedings{furgale2013unified,
  title={Unified temporal and spatial calibration for multi-sensor systems},
  author={Furgale, Paul and Rehder, Joern and Siegwart, Roland},
  booktitle={Intelligent Robots and Systems (IROS), 2013 IEEE/RSJ International Conference on},
  pages={1280--1286},
  year={2013},
  organization={IEEE}
}

@inproceedings{heng2014infrastructure,
  title={Infrastructure-based calibration of a multi-camera rig},
  author={Heng, Lionel and Burki, Mathias and Lee, Gim Hee and Furgale, Paul and Siegwart, Roland and Pollefeys, Marc},
  booktitle={Robotics and Automation (ICRA), 2014 IEEE International Conference on},
  pages={4912--4919},
  year={2014},
  organization={IEEE}
}

@article{vasudevan2007cognitive,
  title={Cognitive maps for mobile robotsâ€”an object based approach},
  author={Vasudevan, Shrihari and G{\"a}chter, Stefan and Nguyen, Viet and Siegwart, Roland},
  journal={Robotics and Autonomous Systems},
  volume={55},
  number={5},
  pages={359--371},
  year={2007},
  publisher={Elsevier}
}

@inproceedings{blosch2010vision,
  title={Vision based MAV navigation in unknown and unstructured environments},
  author={Blosch, Michael and Weiss, Stephan and Scaramuzza, Davide and Siegwart, Roland},
  booktitle={Robotics and automation (ICRA), 2010 IEEE international conference on},
  pages={21--28},
  year={2010},
  organization={IEEE}
}

@inproceedings{lynen2013tightly,
  title={Tightly coupled visual-inertial navigation system using optical flow},
  author={Lynen, Simon and Omari, Sammy and Wueest, Matthias and Achtelik, Markus Wilhelm and Siegwart, Roland},
  booktitle={Research, Education and Development of Unmanned Aerial Systems},
  volume={2},
  number={1},
  pages={251--256},
  year={2013}
}

@article{lynenplaceless,
  title={Placeless Place-Recognition},
  author={Lynen, Simon and Bosse, Michael and Furgale, Paul and Siegwart, Roland}
}

@article{cieslewskimap,
  title={Map API-Scalable Decentralized Map Building for Robots},
  author={Cieslewski, Titus and Lynen, Simon and Dymczyk, Marcin and Magnenat, St{\'e}phane and Siegwart, Roland}
}

@article{scaramuzza2008appearance,
  title={Appearance-guided monocular omnidirectional visual odometry for outdoor ground vehicles},
  author={Scaramuzza, Davide and Siegwart, Roland},
  journal={Robotics, IEEE Transactions on},
  volume={24},
  number={5},
  pages={1015--1026},
  year={2008},
  publisher={IEEE}
}

@inproceedings{scaramuzza2009real,
  title={Real-time monocular visual odometry for on-road vehicles with 1-point ransac},
  author={Scaramuzza, Davide and Fraundorfer, Friedrich and Siegwart, Roland},
  booktitle={Robotics and Automation, 2009. ICRA'09. IEEE International Conference on},
  pages={4293--4299},
  year={2009},
  organization={IEEE}
}

@article{leutenegger2014keyframe,
  title={Keyframe-based visual--inertial odometry using nonlinear optimization},
  author={Leutenegger, Stefan and Lynen, Simon and Bosse, Michael and Siegwart, Roland and Furgale, Paul},
  journal={The International Journal of Robotics Research},
  pages={0278364914554813},
  year={2014},
  publisher={SAGE Publications}
}

@inproceedings{weiss2012real,
  title={Real-time onboard visual-inertial state estimation and self-calibration of mavs in unknown environments},
  author={Weiss, Stephan and Achtelik, Markus W and Lynen, Simon and Chli, Margarita and Siegwart, Roland},
  booktitle={Robotics and Automation (ICRA), 2012 IEEE International Conference on},
  pages={957--964},
  year={2012},
  organization={IEEE}
}

@inproceedings{muehlfellner2013evaluation,
  title={Evaluation of fisheye-camera based visual multi-session localization in a real-world scenario},
  author={Muehlfellner, Peter and Furgale, Paul and Derendarz, Wojciech and Philippsen, Roland},
  booktitle={Intelligent Vehicles Symposium (IV), 2013 IEEE},
  pages={57--62},
  year={2013},
  organization={IEEE}
}

@inproceedings{dymczyk2015gist,
 title={The Gist of Maps -- Summarizing Experience for Lifelong Localization},
 author={Marcin Dymczyk and Lynen, Simon and Cieslewski, Titus and Bosse, Michael and Siegwart, Roland and Furgale, Paul},
 booktitle={Robotics and Automation (ICRA), IEEE International Conference on},
 year={2015}
}

@inproceedings{vcharge,
 title={Toward automated driving in cities using close-to-market sensors: An overview of the V-Charge Project},
 author={Furgale, Paul and Schwesinger, Ulrich and Rufli, Martin and others},
 booktitle={IEEE Intelligent Vehicles Symposium},
 year={2013}
}
