

@string{addison = {Addison-Wesley Publishing Inc.}}

@string{advancedrobotics = {Advanced Robotics}}

@string{ar = {Journal of Autonomous Robots}}

@string{cira = {Proc.~of the IEEE Int.~Symposium on Computational Intelligence in Robotics and Automation (CIRA)}}

@string{cvpr = {Proc.~of the IEEE Conf.~on Computer Vision and Pattern Recognition (CVPR)}}

@string{dagstuhl = {Proc.~of the Dagstuhl Seminar on Plan-based Control of Robotic Agents}}

@string{eccv = {Proc.~of the IEEE Europ.~Conf.~on Computer Vision (ECCV)}}

@string{ecmr = {Proc.~of the European Conference on Mobile Robots (ECMR)}}

@string{icar = {Proc.~of the Int.~Conf.~on Advanced Robotics (ICAR)}}

@string{iccv = {Proc.~of the Int.~Conf.~on Computer Vision (ICCV)}}

@string{icip = {Proc.~of the IEEE Int.~Conf.~on Image Processing (ICIP)}}

@string{icra = {Proc.~of the IEEE Int.~Conf.~on Robotics \& Automation (ICRA)}}

@string{ieeeits = {IEEE Transactions on Intelligent Transportation Systems}}

@string{ieeepress = {IEEE Computer Society Press}}

@string{ieeeram = {IEEE Robotics \& Automation Magazine}}

@string{ieeetrans = {{IEEE} Transactions on Robotics and Automation}}

@string{ieeetransrob = {IEEE Transactions on Robotics}}

@string{ijcai = {Proc.~of the Int.~Conf.~on Artificial Intelligence (IJCAI)}}

@string{ijcv = {Int. Journal on Computer Vision}}

@string{ijrr = {Int.~Journal of Robotics Research}}

@string{iros = {Proc.~of the IEEE/RSJ Int.~Conf.~on Intelligent Robots and Systems (IROS)}}

@string{isrr = {Proc. of the Int.~Symposium of Robotics Research (ISRR)}}

@string{jfr = {Journal of Field Robotics}}

@string{jras = {Journal of Robotics \& Autonomous Systems}}

@string{mitpress = {MIT Press}}

@string{nips = {Proc.~of the Conf.~on Neural Information Processing Systems (NIPS)}}

@string{pami = {IEEE Transactions on Pattern Analysis and Machine Intelligence}}

@string{robotics = {Proc.~of the Int.~Conf.~on Robotics: Science and Systems}}

@string{rss = {Proc. of Robotics: Science and Systems (RSS)}}

@string{rssbook = {Robotics: Science and Systems}}

@string{smc = {Proc.~of the IEEE Int.~Conf.~on Systems, Man, and Cybernetics (SMC)}}

@string{snowbird = {Proc.~of the Learning Workshop (Snowbird)}}

@string{soave = {Proc.~of the Workshop on Self-Organization of AdaptiVE behavior (SOAVE)}}

@string{springer = {Springer Verlag}}

@string{springerstaradvanced = {STAR Springer tracts in advanced robotics}}

@string{uai = {Proc.~of the Conf.~on Uncertainty in Artificial Intelligence (UAI)}}