@Book{		  unipr-argo,
  author	= "Alberto Broggi AND Massimo Bertozzi AND Alessandra
		  Fascioli AND Gianni Conte",
  title		= "{Automatic Vehicle Guidance: the Experience of the ARGO
		  Vehicle}",
  publisher	= "World Scientific",
  address       = "Singapore",
  eabstract	= "/people/broggi/publications/argo.html",
  epaper	= "/people/broggi/publications/argo.pdf",
  month		= apr,
  note		= "ISBN~9810237200",
  year		= 1999
}

@INPROCEEDINGS{ unipr-iv2001,
  AUTHOR  = "Alberto Broggi AND Virginio Cantoni AND Ugo Vallone AND Alessandra Fascioli",
  TITLE   = "{Snowcat Track Detection in Snowy Environments}",
  BOOKTITLE = "Procs.~IEEE Intelligent Vehicles Symposium 2001",
  YEAR    = "2001",
  ADDRESS = "Tokyo, Japan",
  MONTH   = may,
  eabstract = "/people/broggi/publications/iv2001.html",
  epaper    = "/people/broggi/publications/iv2001.pdf",
  PAGES   = "19-24"
}


@InProceedings{unipr-iv2004-terramax,
  author = "Umit Ozguner AND Keith A. Redmill AND Alberto Broggi",
  title  = "{Team TerraMax and the DARPA Grand Challenge: A General Overview}",
  booktitle = "Procs.~IEEE Intelligent Vehicles Symposium 2004",
  year  = 2004,
  address = "Parma, Italy",
  pages         = "232--237",
  epaper        = "/people/bertozzi/pap/cr/iv2004-terramax.pdf",
  month  = jun
}

@Article{ unipr-jfr2006-terramax,
  author        = "Deborah Braid AND Alberto Broggi AND Gary Schmiedel",
  title         = "{The TerraMax Autonomous Vehicle}",
  journal       = "{Journal of Field Robotics}",
  year          = 2006,
  month         = sep,
  number        = "9",
  volume        = "23",
  epaper = "/people/broggi/publications/jfr-terramax.pdf",
  pages         = "693--708"
}

@Article{ unipr-iv2011-viac,
 author = "Alberto Broggi AND Andrea Cappalunga AND Claudio Caraffi AND Stefano Cattani AND Stefano Ghidoni AND Paolo Grisleri AND Pier Paolo Porta AND Matteo Posterli AND Paolo Zani",
 title  = "{TerraMax Vision at the Urban Challenge 2007}",
 journal       = "IEEE Trans.~on Intelligent Transportation Systems",
 publisher     = "IEEE Press",
 year          = "2010",
 volume        = "11",
 number        = "1",
 month         = mar,
 epaper        = "/people/bertozzi/pap/cr/tette2008-uc.pdf",
 eprint        = "doi:10.1109/TITS.2010.2041231",
 pages         = "194--205"
}

@Article{         unipr-profusion-journal-2006,
  author        = "Alberto Broggi AND Pietro Cerri",
  title         = "{A radar driven fusion with vision for vehicle detection}",
  journal       = "PReVENT Fusion Forum e-Journal",
  year          = "2006",
  volume        = 1,
  month         = sep,
  epaper        = "/people/bertozzi/pap/cr/profusion.journal.2006.pdf",
  pages         = "17--18"
}

@Misc{		  unipr-2ws_site,
  author	= "{2WideSense Website}",
  title		= "{2WideSense EU Project}",
  note		= "Available at \texttt{http://www.2wide-sense.eu}",
}

@MISC{unipr-Doshi09onthe,
    author = {Anup Doshi and Mohan Manubhai Trivedi},
    title = {On the Roles of Eye Gaze and Head Dynamics in Predicting Driverâ€™s Intent to Change Lanes},
    year = {2009}
}

@INPROCEEDINGS{unipr-5274065,
author={Guo Yu and Xiao Xiao and Jian Bai},
booktitle={Electronic Measurement Instruments, 2009. ICEMI '09. 9th International Conference on},
title={Analysis of vehicle surroundings and driver status from video stream based on a single PAL camera},
year={2009},
month={Aug},
pages={4-363-4-367},
keywords={Bayes methods;cameras;computer vision;driver information systems;face recognition;image classification;image colour analysis;object detection;pose estimation;road accidents;road vehicles;video signal processing;video streaming;Bayes classification;driver distraction;driver fatigue;driver information system;driver viewing scene;eye detection;eye status information;face detection;face pose information;machine vision system;object localizing algorithm;panoramic annular lens camera;road accident;single PAL camera;skin color;template projection;vehicle object detection;vehicle surrounding analysis;video stream;Accidents;Cameras;Face detection;Fatigue;Layout;Lenses;Machine vision;Streaming media;Vehicle detection;Vehicle driving;PAL;eyes detection;face detection;object detection},
doi={10.1109/ICEMI.2009.5274065},}

@INPROCEEDINGS{unipr-4640888,
author={Kishimoto, Y. and Oguri, K.},
booktitle={Vehicular Electronics and Safety, 2008. ICVES 2008. IEEE International Conference on},
title={A modeling method for predicting driving behavior concerning with driver #x2019;s past movements},
year={2008},
month={Sept},
pages={132-136},
keywords={Markov processes;autoregressive processes;behavioural sciences;driver information systems;road accidents;road safety;autoregressive hidden Markov model;driver past movements;driving behavior prediction;driving safety support systems;human's behavior;Automobiles;Bayesian methods;Driver circuits;Graphical models;Hidden Markov models;Predictive models;Road accidents;Safety;Vehicle dynamics;Vehicles},
doi={10.1109/ICVES.2008.4640888},}

@ARTICLE{unipr-4114350,
author={Trivedi, M.M. and Gandhi, T. and McCall, J.},
journal={Intelligent Transportation Systems, IEEE Transactions on},
title={Looking-In and Looking-Out of a Vehicle: Computer-Vision-Based Enhanced Vehicle Safety},
year={2007},
month={March},
volume={8},
number={1},
pages={108-120},
keywords={automobiles;computer vision;driver information systems;road safety;road traffic;automobiles;computer-vision-based enhanced vehicle safety;driver-support systems;sensory system;traffic safety;Accidents;Automobiles;Computer vision;Injuries;Road vehicles;Robot vision systems;Vehicle detection;Vehicle driving;Vehicle dynamics;Vehicle safety;Active safety;driver-support systems;intelligent vehicles;real-time machine-vision systems},
doi={10.1109/TITS.2006.889442},
ISSN={1524-9050},}

@InProceedings{  unipr-iav2010-braive,
  author = "Paolo Grisleri AND Isabella Fedriga",
  title  = "{The BRAiVE platform}",
  booktitle = "Procs.~7th IFAC Symposium on Intelligent Autonomous Vehicles",
  year  = 2010,
  epaper = "/people/bertozzi/pap/cr/iav2010-braive.pdf",
  eprint        = "doi:10.3182/20100906-3-IT-2019.00086",
  pages  = "497--502",
  address = "Lecce, Italy",
  month  = sep
}

@MISC{unipr-Bertozzi_equipmentand,
    author = {Massimo Bertozzi and Alberto Broggi and Elena Cardarelli and Stefano Cattani and Maria Chiara Laghi},
    title = {EQUIPMENT AND CAPABILITIES OF THE VEHICLES FOR THE VISLAB INTERCONTINENTAL AUTONOMOUS CHALLENGE},
    year = {2012}
}




