@inproceedings{utc-Franke,
 author = {Franke, Uwe and Rabe, Clemens and Badino, Hern\'{a}n and Gehrig, Stefan},
 title = {6D-vision: Fusion of Stereo and Motion for Robust Environment Perception},
 booktitle = {Proceedings of the 27th DAGM Conference on Pattern Recognition},
 series = {PR'05},
 year = {2005},
 isbn = {3-540-28703-5, 978-3-540-28703-2},
 location = {Vienna, Austria},
 pages = {216--223},
 numpages = {8},
 url = {http://dx.doi.org/10.1007/11550518_27},
 doi = {10.1007/11550518_27},
 acmid = {2104519},
 publisher = {Springer-Verlag},
 address = {Berlin, Heidelberg},
} 

@INPROCEEDINGS{utc-Oniga, 
author={Oniga, F. and Nedevschi, S. and Meinecke, M.M. and Thanh Binh To}, 
booktitle={Intelligent Transportation Systems Conference, 2007. ITSC 2007. IEEE}, 
title={Road Surface and Obstacle Detection Based on Elevation Maps from Dense Stereo}, 
year={2007}, 
month={Sept}, 
pages={859-865}, 
keywords={collision avoidance;object detection;road traffic;stereo image processing;surface fitting;RANSAC approach;dense stereo;elevation maps;obstacle detection;quadratic road surface model;road surface detection;road-parallel patch;stereo sensor;traffic isles;Image edge detection;Image reconstruction;Intelligent transportation systems;Road transportation;Rough surfaces;Surface fitting;Surface reconstruction;Surface roughness;USA Councils;Uncertainty}, 
doi={10.1109/ITSC.2007.4357734},}

@INPROCEEDINGS{utc-Vatavu, 
author={Nedevschi, S. and Vatavu, A. and Oniga, F. and Meinecke, M.M.}, 
booktitle={Intelligent Computer Communication and Processing, 2008. ICCP 2008. 4th International Conference on}, 
title={Forward collision detection using a Stereo Vision System}, 
year={2008}, 
month={Aug}, 
pages={115-122}, 
keywords={collision avoidance;driver information systems;object detection;road safety;stereo image processing;3D elevation map;car trajectory;collision warning;dense stereo vision system;driver assistance system;driver behavioral errors;driving tunnel;forward collision detection;traffic scenarios;Europe;Laser radar;Layout;North America;Radar detection;Radar imaging;Road accidents;Sensor systems;Stereo vision;Vehicle detection}, 
doi={10.1109/ICCP.2008.4648362},}

@INPROCEEDINGS{utc-Broggi, 
author={Broggi, A. and Cattani, S. and Patander, M. and Sabbatelli, M. and Zani, P.}, 
booktitle={Intelligent Transportation Systems - (ITSC), 2013 16th International IEEE Conference on}, 
title={A full-3D voxel-based dynamic obstacle detection for urban scenario using stereo vision}, 
year={2013}, 
month={Oct}, 
pages={71-76}, 
keywords={collision avoidance;distance measurement;image matching;image sampling;image segmentation;mobile robots;pattern clustering;robot vision;stereo image processing;3D data source;3D point cloud sampling;SGM-based stereo system;VisLab AGV;autonomous ground vehicles;cluster structure;computational efficiency;dense voxel-based map;dynamic environments;feature matching;flood fill approach;full-3D voxel-based dynamic obstacle detection;moving obstacles;obstacle absolute speed approximation;obstacle position;obstacle presence;speed estimation;stationary obstacles;stereo vision;tridimensional information;urban scenario;vehicle egomotion information;visual odometry approach;voxel creation;voxel processing;voxel segmentation;Clustering algorithms;Estimation;Image color analysis;Prediction algorithms;Roads;Three-dimensional displays;Visualization}, 
doi={10.1109/ITSC.2013.6728213},}

@ARTICLE{utc-Dollar, 
author={Dollar, P. and Appel, R. and Belongie, S. and Perona, P.}, 
journal={Pattern Analysis and Machine Intelligence, IEEE Transactions on}, 
title={Fast Feature Pyramids for Object Detection}, 
year={2014}, 
month={Aug}, 
volume={36}, 
number={8}, 
pages={1532-1545}, 
keywords={approximation theory;computer vision;extrapolation;feature extraction;object detection;object recognition;statistical analysis;Caltech data set;ETH data set;INRIA data set;PASCAL VOC data set;TUD-Brussels data set;approximation;broad spectra;detection accuracy;extrapolation;fast feature pyramids;fine-grained multiscale analysis;finely-sampled image pyramid;multiresolution image features;narrow band-pass spectra;object detection algorithms;octave-spaced scale intervals;pedestrian detection;vision algorithms;visual recognition systems;Accuracy;Approximation methods;Detectors;Feature extraction;Histograms;Object detection;Visualization;Visual features;image pyramids;natural image statistics;object detection;pedestrian detection;real-time systems}, 
doi={10.1109/TPAMI.2014.2300479}, 
ISSN={0162-8828},}

@inproceedings{utc-Costea,
 author = {Costea, Arthur Daniel and Nedevschi, Sergiu},
 title = {Word Channel Based Multiscale Pedestrian Detection Without Image Resizing and Using Only One Classifier},
 booktitle = {Proceedings of the 2014 IEEE Conference on Computer Vision and Pattern Recognition},
 series = {CVPR '14},
 year = {2014},
 isbn = {978-1-4799-5118-5},
 pages = {2393--2400},
 numpages = {8},
 url = {http://dx.doi.org/10.1109/CVPR.2014.307},
 doi = {10.1109/CVPR.2014.307},
 acmid = {2680309},
 publisher = {IEEE Computer Society},
 address = {Washington, DC, USA},
 keywords = {pedestrian detection, word channels, codebook, boosting, multiscale detection},
} 

@incollection{utc-Krizhevsky,
title = {ImageNet Classification with Deep Convolutional Neural Networks},
author = {Alex Krizhevsky and Sutskever, Ilya and Geoffrey E. Hinton},
booktitle = {Advances in Neural Information Processing Systems 25},
editor = {F. Pereira and C.J.C. Burges and L. Bottou and K.Q. Weinberger},
pages = {1097--1105},
year = {2012},
publisher = {Curran Associates, Inc.},
url = {http://papers.nips.cc/paper/4824-imagenet-classification-with-deep-convolutional-neural-networks.pdf}
}

@ARTICLE{utc-Pantilie, 
author={Pantilie, C.D. and Nedevschi, S.}, 
journal={Vehicular Technology, IEEE Transactions on}, 
title={SORT-SGM: Subpixel Optimized Real-Time Semiglobal Matching for Intelligent Vehicles}, 
year={2012}, 
month={March}, 
volume={61}, 
number={3}, 
pages={1032-1042}, 
keywords={automated highways;graphics processing units;image matching;image reconstruction;interpolation;optimisation;parallel architectures;stereo image processing;CUDA;SORT-SGM;census transform;compute unified device architecture;disparity optimization;disparity refinement;graphics processing unit;intelligent vehicles;pixel-level matching;stereo algorithms;stereo reconstruction system;subpixel interpolation functions;subpixel optimized real-time semiglobal matching;Accuracy;Algorithm design and analysis;Image reconstruction;Interpolation;Real time systems;Stereo image processing;Transforms;Function approximation;intelligent vehicles;parallel processing;real time;stereo vision}, 
doi={10.1109/TVT.2012.2186836}, 
ISSN={0018-9545},}

@ARTICLE{utc-Haller, 
author={Haller, I. and Nedevschi, S.}, 
journal={Image Processing, IEEE Transactions on}, 
title={Design of Interpolation Functions for Subpixel-Accuracy Stereo-Vision Systems}, 
year={2012}, 
month={Feb}, 
volume={21}, 
number={2}, 
pages={889-898}, 
keywords={image matching;interpolation;stereo image processing;block-matching algorithm;histogram equalization;interpolation function generation;subpixel interpolation;subpixel-accuracy stereo-vision systems;Accuracy;Histograms;Interpolation;Mathematical model;Measurement;Pixel;Shape;Function fitting;interpolation function;stereo vision;subpixel accuracy;Algorithms;Image Processing, Computer-Assisted;Models, Theoretical;Photogrammetry;Reproducibility of Results}, 
doi={10.1109/TIP.2011.2163163}, 
ISSN={1057-7149},}

@ARTICLE{utc-Drulea, 
author={Drulea, M. and Nedevschi, S.}, 
journal={Image Processing, IEEE Transactions on}, 
title={Motion Estimation Using the Correlation Transform}, 
year={2013}, 
month={Aug}, 
volume={22}, 
number={8}, 
pages={3260-3270}, 
keywords={correlation theory;image matching;image sequences;minimisation;motion estimation;variational techniques;wavelet transforms;correlation transform;discriminative descriptor;illumination;matching measure;motion discontinuity;motion estimation;optical flow;parallelizable minimization procedure;projected proximal point algorithm;smoothness energy;target frame matching;variational framework;zero mean normalized cross correlation;Correlation transform;changes in illumination;correlation flow;correlation-based descriptors;non-local flow propagation;parallelizable numerical scheme;Algorithms;Artifacts;Image Enhancement;Image Interpretation, Computer-Assisted;Motion;Pattern Recognition, Automated;Reproducibility of Results;Sensitivity and Specificity;Statistics as Topic;Subtraction Technique}, 
doi={10.1109/TIP.2013.2263149}, 
ISSN={1057-7149},}

@INPROCEEDINGS{utc-Szakats, 
author={Szakats, I. and Golban, C. and Nedevschi, S.}, 
booktitle={Intelligent Transportation Systems (ITSC), 2011 14th International IEEE Conference on}, 
title={Fast vision based ego-motion estimation from stereo sequences - A GPU approach}, 
year={2011}, 
month={Oct}, 
pages={538-543}, 
keywords={computer vision;distance measurement;graphics processing units;image sequences;large-scale systems;motion estimation;real-time systems;road traffic;stereo image processing;3D ego-motion estimation;GPU based method;complex system;fast vision based ego-motion estimation;parallel implementation;stereo sequence;traffic scene;visual odometry;Computer vision;Feature extraction;Graphics processing unit;Image motion analysis;Optical imaging;Three dimensional displays;Visualization}, 
doi={10.1109/ITSC.2011.6082991}, 
ISSN={2153-0009},}

@ARTICLE{utc-Nedevschi-calibration, 
author={Nedevschi, S. and Vancea, C. and Marita, T. and Graf, T.}, 
journal={Intelligent Transportation Systems, IEEE Transactions on}, 
title={Online Extrinsic Parameters Calibration for Stereovision Systems Used in Far-Range Detection Vehicle Applications}, 
year={2007}, 
month={Dec}, 
volume={8}, 
number={4}, 
pages={651-660}, 
keywords={calibration;image classification;object detection;stereo image processing;vehicles;2D image classification;3D data fitting;far-range detection;online extrinsic parameter calibration;stereo-rig coordinate system;stereovision systems;vision-based vehicle applications;Calibration;Cameras;Coordinate measuring machines;Intelligent transportation systems;Laser radar;Sensor systems;Stereo vision;Three dimensional displays;Vehicle detection;Vehicles;Computational geometry;online camera calibration;real-time systems;stereovision;vanishing point}, 
doi={10.1109/TITS.2007.908576}, 
ISSN={1524-9050},}

@INPROCEEDINGS{utc-Nedevschi-ASensor, 
author={Nedevschi, S. and Danescu, R. and Marita, T. and Oniga, F. and Pocol, C. and Sobol, S. and Tomiuc, C. and Vancea, C. and Meinecke, M.M. and Graf, T. and Thanh Binh To and Obojski, M.A.}, 
booktitle={Intelligent Vehicles Symposium, 2007 IEEE}, 
title={A Sensor for Urban Driving Assistance Systems Based on Dense Stereovision}, 
year={2007}, 
month={June}, 
pages={276-283}, 
keywords={automated highways;automobiles;image reconstruction;stereo image processing;cars;clothoid lanes;complex sensors;dense stereovision;hybrid dense stereo reconstruction;nonclothoid lanes;pedestrians;urban driving assistance systems;Detection algorithms;Engines;Geometry;Hardware;Image edge detection;Parameter estimation;Road transportation;Sensor systems;Sensor systems and applications;Vehicle detection}, 
doi={10.1109/IVS.2007.4290127}, 
ISSN={1931-0587},}

@ARTICLE{utc-Oniga-ProcessingDense, 
author={Oniga, F. and Nedevschi, S.}, 
journal={Vehicular Technology, IEEE Transactions on}, 
title={Processing Dense Stereo Data Using Elevation Maps: Road Surface, Traffic Isle, and Obstacle Detection}, 
year={2010}, 
month={March}, 
volume={59}, 
number={3}, 
pages={1172-1182}, 
keywords={cartography;collision avoidance;digital elevation models;filtering theory;object detection;pattern classification;road traffic;robot vision;stereo image processing;3D uncertainty model;DEM cells;collision avoidance;dense stereo data;density based obstacle classifier;error filtering;obstacle detection;path planning;quadratic road surface model;random sample consensus;rectangular digital elevation map;road surface detection;stereo sensor;traffic isle detection;Digital elevation maps (DEMs);obstacle detection;road surface detection;stereovision}, 
doi={10.1109/TVT.2009.2039718}, 
ISSN={0018-9545},}

@ARTICLE{utc-Danescu-Modeling, 
author={Danescu, R. and Oniga, F. and Nedevschi, S.}, 
journal={Intelligent Transportation Systems, IEEE Transactions on}, 
title={Modeling and Tracking the Driving Environment With a Particle-Based Occupancy Grid}, 
year={2011}, 
month={Dec}, 
volume={12}, 
number={4}, 
pages={1331-1342}, 
keywords={collision avoidance;grid computing;image motion analysis;object tracking;parameter estimation;particle filtering (numerical methods);stereo image processing;traffic engineering computing;driving environment modeling;driving environment tracking;elevation map;geometrical object tracking;motion parameter estimation;occupancy grid;particle filtering;stereo reconstruction;stereovision;weighting resampling mechanism;Computational modeling;Filtering algorithms;Particle measurements;Position measurement;Stereo vision;Tracking;Uncertainty;Environment modeling;occupancy grids;particle filtering;stereovision;tracking}, 
doi={10.1109/TITS.2011.2158097}, 
ISSN={1524-9050},}

@ARTICLE{utc-Danescu-AParticle, 
author={Danescu, R. and Nedevschi, S.}, 
journal={Intelligent Transportation Systems, IEEE Transactions on}, 
title={A Particle-Based Solution for Modeling and Tracking Dynamic Digital Elevation Maps}, 
year={2014}, 
month={June}, 
volume={15}, 
number={3}, 
pages={1002-1015}, 
keywords={digital elevation models;importance sampling;particle filtering (numerical methods);probability;stereo image processing;complex 3D environments;dynamic digital elevation maps;importance resampling mechanism;particle-based dynamic elevation map;particle-based solution;probability distribution;stereovision sensor;Atmospheric measurements;Computational modeling;Particle measurements;Sociology;Statistics;Uncertainty;Vehicle dynamics;Digital elevation maps (DEMs);environment modeling;particle filtering;stereovision;tracking}, 
doi={10.1109/TITS.2013.2291447}, 
ISSN={1524-9050},}

@INPROCEEDINGS{utc-Nedevschi-HighAccuracy, 
author={Nedevschi, S. and Danescu, R. and Frentiu, D. and Marita, T. and Oniga, F. and Pocol, C. and Schmidt, R. and Graf, T.}, 
booktitle={Intelligent Vehicles Symposium, 2004 IEEE}, 
title={High accuracy stereo vision system for far distance obstacle detection}, 
year={2004}, 
month={June}, 
pages={292-297}, 
keywords={driver information systems;object detection;road traffic;road vehicles;stereo image processing;traffic control;advanced driver assistance systems;far distance obstacle detection;high accuracy stereo vision system;highway traffic;traffic control;traffic scenarios;urban traffic;vehicle environment perception;Cameras;Driver circuits;Object detection;Road safety;Road transportation;Sensor phenomena and characterization;Stereo vision;Traffic control;Vehicle detection;Vehicle driving}, 
doi={10.1109/IVS.2004.1336397},}

@INPROCEEDINGS{utc-Nedevschi-3DLane, 
author={Nedevschi, S. and Schmidt, R. and Graf, T. and Danescu, R. and Frentiu, D. and Marita, T. and Oniga, F. and Pocol, C.}, 
booktitle={Intelligent Transportation Systems, 2004. Proceedings. The 7th International IEEE Conference on}, 
title={3D lane detection system based on stereovision}, 
year={2004}, 
month={Oct}, 
pages={161-166}, 
keywords={Kalman filters;computer vision;estimation theory;filtering theory;image matching;object detection;roads;stereo image processing;tracking;traffic engineering computing;3D lane detection system;Kalman filtering;estimation theory;horizontal clothoid curves;model matching technique;roll angle detection;stereovision algorithm;tracking process;vehicle dynamics;vertical clothoid curves;Data mining;Image edge detection;Kalman filters;Laser radar;Mathematical model;Radar detection;Radar tracking;Road transportation;Vehicle detection;Vehicle dynamics}, 
doi={10.1109/ITSC.2004.1398890},}

@ARTICLE{utc-Danescu-ProbabilisticLane, 
author={Danescu, R. and Nedevschi, S.}, 
journal={Intelligent Transportation Systems, IEEE Transactions on}, 
title={Probabilistic Lane Tracking in Difficult Road Scenarios Using Stereovision}, 
year={2009}, 
month={June}, 
volume={10}, 
number={2}, 
pages={272-282}, 
keywords={driver information systems;error compensation;feature extraction;image fusion;object detection;particle filtering (numerical methods);probability;roads;stereo image processing;tracking;driving-assistance system;error compensation;grayscale image processing;image fusion;lane-delimiting feature detection;multiple lane-delimiting cue extraction;particle-filtering;probabilistic estimation technique;probabilistic lane tracking;road lane estimation;stereovision;Cue fusion;lane detection;particle filtering;stereovision;tracking}, 
doi={10.1109/TITS.2009.2018328}, 
ISSN={1524-9050},}

@INPROCEEDINGS{utc-Danescu-Detection, 
author={Danescu, R. and Nedevschi, S.}, 
booktitle={Intelligent Transportation Systems (ITSC), 2010 13th International IEEE Conference on}, 
title={Detection and classification of painted road objects for intersection assistance applications}, 
year={2010}, 
month={Sept}, 
pages={433-438}, 
keywords={driver information systems;image classification;object detection;road safety;road traffic;3D bounding box;European intersection;Gaussian mixture;dark light dark transition detection;driving assistance system;gray level segmentation;horizontal line region;intersection assistance application;intersection safety;painted road object classification;painted road object detection;painted road sign;Classification algorithms;Feature extraction;Histograms;Image segmentation;Pixel;Roads;Three dimensional displays}, 
doi={10.1109/ITSC.2010.5625261}, 
ISSN={2153-0009},}

@incollection{utc-Nedevschi-OnBoard,
year={2010},
isbn={978-3-642-12647-5},
booktitle={Advanced Microsystems for Automotive Applications 2010},
series={VDI-Buch},
editor={Meyer, Gereon and Valldorf, Jürgen},
doi={10.1007/978-3-642-16362-3_25},
title={On-Board 6D Visual Sensor for Intersection Driving Assistance},
url={http://dx.doi.org/10.1007/978-3-642-16362-3_25},
publisher={Springer Berlin Heidelberg},
author={Nedevschi, Sergiu and Marita, Tiberiu and Danescu, Radu and Oniga, Florin and Bota, Silviu and Haller, Istvan and Pantilie, Cosmin and Drulea, Marius and Golban, Catalin},
pages={253-264},
language={English}
}

@INPROCEEDINGS{utc-Pantilie-RealTime, 
author={Pantilie, C.D. and Nedevschi, S.}, 
booktitle={Intelligent Transportation Systems (ITSC), 2010 13th International IEEE Conference on}, 
title={Real-time obstacle detection in complex scenarios using dense stereo vision and optical flow}, 
year={2010}, 
month={Sept}, 
pages={439-444}, 
keywords={collision avoidance;mobile robots;real-time systems;robot vision;stereo image processing;3D motion information;3D position information;dense stereo vision;depth-adaptive occupancy grid;intelligent vehicle;mobile robots;moving obstacle;obstacle localization;optical flow;real-time obstacle detection;stereo sensor;Computer vision;Histograms;Image motion analysis;Optical filters;Optical imaging;Optical sensors;Three dimensional displays}, 
doi={10.1109/ITSC.2010.5625174}, 
ISSN={2153-0009},}

@INPROCEEDINGS{utc-Giosan-Superpixels, 
author={Giosan, I. and Nedevschi, S.}, 
booktitle={Intelligent Transportation Systems (ITSC), 2014 IEEE 17th International Conference on}, 
title={Superpixel-based obstacle segmentation from dense stereo urban traffic scenarios using intensity, depth and optical flow information}, 
year={2014}, 
month={Oct}, 
pages={1662-1668}, 
keywords={driver information systems;image colour analysis;image matching;image segmentation;image sequences;intelligent transportation systems;object detection;stereo image processing;Lukas-Kanade pyramidal approach;SORT-SGM;dense stereo urban traffic scenarios;driving assistance system;gray levels;obstacle ROI;obstacle classification;obstacle detection;optical flow information;scene image acquisition;stereo-cameras;sub-pixel level optimized semi-global matching;superpixel-based obstacle segmentation;Computer vision;Feature extraction;Image motion analysis;Optical imaging;Roads;Three-dimensional displays;Vectors}, 
doi={10.1109/ITSC.2014.6957932},}

@INPROCEEDINGS{utc-Bota, 
author={Bota, S. and Nedevschi, S.}, 
booktitle={Intelligent Transportation Systems (ITSC), 2011 14th International IEEE Conference on}, 
title={Tracking multiple objects in urban traffic environments using dense stereo and optical flow}, 
year={2011}, 
month={Oct}, 
pages={791-796}, 
keywords={Kalman filters;feature extraction;image sensors;image sequences;natural scenes;object tracking;road traffic;stereo image processing;Kalman filter based tracking algorithm design;association mechanism;dense stereo;error minimization;multiple object tracking;optical flow;semantic information extraction;stereo reconstruction process;stereo vision based sensor;temporal information;urban traffic environments;Adaptive optics;Kalman filters;Optical imaging;Optical sensors;Prediction algorithms;Vectors;Vehicles}, 
doi={10.1109/ITSC.2011.6082960}, 
ISSN={2153-0009},}

@ARTICLE{utc-Nedevschi-Stereo, 
author={Nedevschi, S. and Bota, S. and Tomiuc, C.}, 
journal={Intelligent Transportation Systems, IEEE Transactions on}, 
title={Stereo-Based Pedestrian Detection for Collision-Avoidance Applications}, 
year={2009}, 
month={Sept}, 
volume={10}, 
number={3}, 
pages={380-391}, 
keywords={Kalman filters;cameras;collision avoidance;image matching;image motion analysis;stereo image processing;tracking filters;traffic engineering computing;2D image intensity information;2D model selection;3D dense stereo information classification;Chamfer distance;Kalman filtering;collision-avoidance application;depth estimation;grayscale stereo camera;pattern matching;pedestrian hypothesis generation;pedestrian motion detection;pedestrian tracking;scale estimation;standing-and walking-pedestrian detection;stereo-based pedestrian detection;urban traffic condition;Cameras;Filtering;Gray-scale;Kalman filters;Motion detection;Pattern matching;Protection;Tracking;Vehicle detection;Vehicles;Collision avoidance;optical flow;pattern matching;pedestrian detection;stereo vision;urban traffic}, 
doi={10.1109/TITS.2008.2012373}, 
ISSN={1524-9050},}

@INPROCEEDINGS{utc-Costea-WordChannel, 
author={Costea, A.D. and Nedevschi, S.}, 
booktitle={Computer Vision and Pattern Recognition (CVPR), 2014 IEEE Conference on}, 
title={Word Channel Based Multiscale Pedestrian Detection without Image Resizing and Using Only One Classifier}, 
year={2014}, 
month={June}, 
pages={2393-2400}, 
keywords={gradient methods;graphics processing units;object detection;pattern classification;pedestrians;Caltech-USA benchmarks;GPU implementation;INRIA;classifier;gradient orientations;histograms;image resizing;multiscale detection;multiscale pedestrian detection;pixel-wise gradient orientation;word channel;Boosting;Feature extraction;Graphics processing units;Image color analysis;Semantics;Training;Visualization;boosting;codebook;multiscale detection;pedestrian detection;word channels}, 
doi={10.1109/CVPR.2014.307},}